@online{GIF:1, 
    title={Graphics Interchange Format},
    url={https://de.wikipedia.org/wiki/Graphics_Interchange_Format},
    year={2015},
    month={06},
    day={21}
}

@online{GIF_comeback:1,
    title={Retrochic: Animierte GIFs feiern ihr Comeback},
    url={http://derstandard.at/1360681458046/Animierte-GIFs-feiern-ihr-Comeback}, 
    year={2015},
    month={06},
    day={21}
}

@BOOK{DUMMY:1,
	AUTHOR = {Leon Kellerhals},
	PUBLISHER = {Springer},
	ADDRESS = {Berlin},
	YEAR = {2100},
	TITLE = {Go vs. Bamboo},
	EDITION = {2. Auflage}
}

@book{Darwin:1,
	title={On the Origin of Species},
	author={Charles Darwin},
	year={1859},
	url={http://www.gutenberg.org/etext/15707}
}

@book{Mayr:1,
	title={The Growth of Biological Thought},
	author={Ernst Mayr},
	year={1982},
	publisher={Harvard University Press}
}

@book{Eigen:1, 
    title={Stufen zum Leben}, 
    author={Manfred Eigen}, 
    year={1987},
    publisher={Piper},
    address={München}
}

@thesis{Hauw:1, 
    title={Evaluating and Improving Steady State Evolutionary Algorithms on Constraint Satisfaction Problems},
    author={Koen van der Hauw}, 
    year={1996}, 
    month={August},
    institution={Universität Leiden},
    type={Masteratbeit},
    url={http://citeseer.ist.psu.edu/128231.html},
    hyphenation={german}
}

@online{HubPlanner,
    title={Resource Planning Features},
    url={http://hubplanner.com/features/},
    year={2015},
    month={6},
    day={4}
}

@online{Simplicity,
    title={Keep It Simple},
    url={http://c2.com/cgi/wiki?KeepItSimple},
    year={2015},
    month={6},
    day={15}
}

@book{DesignPatterns,
    author={Erich Gamma and Richard Helm and Ralph Johnson and John Vlissides},
    title={Design Patterns: Elements of Reusable Object-Oriented Software},
    publisher={Addison-Wesley},
    year={1994}
}

@online{DesignPatternsWiki,
    title={Design Patterns},
    year={2015},
    month={6},
    day={15},
    url={https://en.wikipedia.org/wiki/Design_Patterns}
}

@video{ZedShawTalk,
      author={Zed A. Shaw},
      title={The Top 10 Ways To Scam The Modern American Programmer},
      url={https://www.youtube.com/watch?v=neI_Pj558CY},
      year={2012},
      month={11},
      day={5}
}

@thesis{Artner07,
	author={Artner, Nicole Maria},
	title={Analyse und Reimplementierung des Mean-Shift Tracking-Verfahrens},
	type={Diplomarbeit},
	year={2007},
	month={7},
	institution={University of Applied Sciences Upper Austria, Digitale Medien},
	address={Hagenberg, Austria},
    url={http://theses.fh-hagenberg.at/thesis/Artner07},
    hyphenation={german},
    keywords={diplomarbeitexample1} 
}

@inproceedings{Algorithmus,
    author={Dr. Henry Herper},
    title={Entwurf der neuen RRLInformatik},
    year={2013},
    month={8},
    venue={Otto-von-Guericke-Universität Magdeburg},
    page={7},
    url={http://isgwww.cs.uni-magdeburg.de/~henry/publikation/EAD-Algorithmen.pdf}
}

@techreport{Drake48,
    author={Drake, Huber M. and McLaughlin, Milton D. and Goodman, Harold R.},
    title={Results obtained during accelerated transonic tests of the {Bell}
        {XS-1} airplane in flights to a {MACH} number of 0.92},
    institution={NASA Dryden Flight Research Center},
    year={1948},
    month={1},
    address={Edwards, CA},
    number={NACA-RM-L8A05A},
    url={http://www.nasa.gov/centers/dryden/pdf/87528main_RM-L8A05A.pdf},
    hyphenation={english},
    keywords={techreportexample1}
}

@incollection{Ears99,
    author={Burge, Mark and Burger, Wilhelm},
    title={Ear Biometrics},
    booktitle={Biometrics: Personal Identification in Networked Society},
    publisher={Kluwer Academic Publishers},
    year={1999},
    address={Boston},
    editor={Jain, Anil K. and Bolle, Ruud and Pankanti, Sharath},
    chapter={13},
    pages={273-285},
    hyphenation={english},
    keywords={incollectionexample1}
}

@misc{EuRichtlinie2000,
		author={{Europäische Union}},
		title={Richtline 2000/14/EG des Europäischen Parlaments und des Rates vom 8.\ Mai 2000 zur 
			Angleichung der Rechtsvorschriften der Mitgliedstaaten über umweltbelastende Geräuschemissionen 
			von zur Verwendung im Freien vorgesehenen Geräten und Maschinen},
		howpublished={Amtsblatt der Europäischen Gemeinschaften, L 162},
		url={http://eur-lex.europa.eu/LexUriServ/LexUriServ.do?uri=CONSLEG:2000L0014:20051227:de:PDF},
		hyphenation={german}
}

@article{Guttman01,
    author={Guttman, Erik},
    title={Autoconfiguration for {IP} Networking},
    journal={IEEE Internet Computing},
    volume={5},
    issue={Mai/Juni},
    year={2001},
    pages={81-86},
    hyphenation={english}
}


@movie{Nosferatu,
    title={Nosferatu -- A Symphony of Horrors},
    howpublished={Film},
    year={1922},
    note={Drehbuch/Regie: F.\ W.\ Murnau. Mit Max Schreck, Gustav von Wangenheim, Greta Schröder.},
    hyphenation={english},
    keywords={movieexample1}
}

@audio{Zappa95,
	  author={Zappa, Frank},
	  title={Freak Out},
	  howpublished={Audio-CD},
	  year={1995},
	  month={5},
	  note={Rykodisc, New York},
	  hyphenation={english},
	  keywords={audioexample1}
}

@software{LegendOfZelda98,
   author={Miyamoto, Shigeru and Aonuma, Eiji and Koizumi, Yoshiaki},
   title={The Legend of Zelda: Ocarina of Time},
   howpublished={N64-Spielmodul},
   publisher={Nintendo},
   year={1998},
   hyphenation={english}
}

